
%% This BibTeX bibliography file was created using BibDesk.
%% http://bibdesk.sourceforge.net/


%% Created for Roberto Svaldi at 2013-12-01 18:29:11 -0800 


%% Saved with string encoding Unicode (UTF-8) 


@article {mio.mfs,
    AUTHOR = {Codogni, Giulio and Fanelli, Andrea and Svaldi, Roberto and
              Tasin, Luca},
     TITLE = {Fano varieties in {M}ori fibre spaces},
   JOURNAL = {Int. Math. Res. Not. IMRN},
  FJOURNAL = {International Mathematics Research Notices. IMRN},
      YEAR = {2016},
    NUMBER = {7},
     PAGES = {2026--2067},
      ISSN = {1073-7928},
   MRCLASS = {14J45 (14E30)},
  MRNUMBER = {3509946},
       DOI = {10.1093/imrn/rnv173},
       URL = {http://dx.doi.org/10.1093/imrn/rnv173},
}

@Inbook{KL,
author="Koll{\'a}r, J{\'a}nos
and Larsen, Michael",
editor="Tschinkel, Yuri
and Zarhin, Yuri",
title="Quotients of Calabi--Yau Varieties",
bookTitle="Algebra, Arithmetic, and Geometry: Volume II: In Honor of Yu. I. Manin",
year="2009",
publisher="Birkh{\"a}user Boston",
address="Boston",
pages="179--211",
isbn="978-0-8176-4747-6",
doi="10.1007/978-0-8176-4747-6_6",
url="http://dx.doi.org/10.1007/978-0-8176-4747-6_6"
}

@article{BAB,
	Author = {Birkar, C.},
	Title = {Singularities of linear systems and boundedness of Fano varieties},
	journal={ArXiv e-print},
	year = {2016},
	eprinttype  = {arxiv},
	eprintclass = {math.AG},
	eprint = {1609.05543},
	note={ArXiv:1609.05543v1},
	Bdsk-Url-1 = {http://arxiv.org/abs/1609.05543}}

@article{hmx.gen.type,
	AUTHOR = {Hacon, C. D. and M\textsuperscript{c}Kernan, J. and Xu, C.},
	Title = {Boundedness of moduli of varieties of general type},
	journal={ArXiv e-print},
	year = {2014},
	eprinttype  = {arxiv},
	eprintclass = {math.AG},
	eprint = {1412.1186},
	note={ArXiv:1412.1186v1},
	Bdsk-Url-1 = {http://arxiv.org/abs/1412.1186}}


@article{okada,
	AUTHOR = {Okada, T.},
	Title = {Stable rationality of orbifold Fano threefold hypersurfaces},
	journal={ArXiv e-print},
	year = {2016},
	eprinttype  = {arxiv},
	eprintclass = {math.AG},
	eprint = {arxiv:1608.01186},
	note={ArXiv:1608.01186v1},
	Bdsk-Url-1 = {http://arxiv.org/abs/1608.01186}}


@article{mio.hyperb,
	Author = {Svaldi, R.},
	Title = {Hyperbolicity for log canonical pairs and the {C}one {T}heorem},
	journal={ArXiv e-print},
	year = {2014},
	eprinttype  = {arxiv},
	eprintclass = {math.AG},
	eprint = {1410.2529},
	note={ArXiv:1410.2529v1},
	Bdsk-Url-1 = {http://arxiv.org/abs/1410.2529}}

@article{mio.cy,
	Author = {Svaldi, R.},
	journal={ArXiv e-print},
	year = {2016},
	eprinttype  = {arxiv},
	eprintclass = {math.AG},
	eprint = {arXiv:1607.01561v1},
	note={Appendix to S. Diverio, C. Fontanari, and D., Martinelli.
	``Rational curves on fibered Calabi-Yau manifolds (with an appendix by Roberto Svaldi)''. 
	ArXiv:1607.01561v2},
	Bdsk-Url-1 = {http://arxiv.org/abs/1607.01561},
	Title = {Rational curves on {C}alabi-{Y}au threefolds}}

@article{taylor.vacua,
	Author = {Taylor, W. and Wang, Y.-N.},
	journal={ArXiv e-print},
	year = {2015},
	eprinttype  = {arxiv},
	eprintclass = {hep.th},
	eprint = {arXiv:1511.03209v1},
	note={ArXiv:1511.03209v1},
	Bdsk-Url-1 = {http://arxiv.org/abs/1511.03209},
	Title = {The F-theory geometry with most flux vacua.}}

@Misc{zbMATH02673308,
	Author = {P. {Painlev\'e}},
	Title = {{Le\c cons sur la th\'eorie analytique des \'equations diff\'erentielles profess\'ees \`a Stockholm (septembre, octobre, novembre 1895) sur l'invitation de S. M. le Roi de Su\`ede et de Norw\`ege.}},
	Year = {1897},
	Language = {French},
	HowPublished = {{Paris: A. Hermann. 19 + 6 + 589 S. $4^\circ$. lith (1897).}},
	Zbl = {28.0262.01}
}

@article {MR3294560,
    AUTHOR = {Cousin, Ga{\"e}l and Pereira, Jorge Vit{\'o}rio},
     TITLE = {Transversely affine foliations on projective manifolds},
   JOURNAL = {Math. Res. Lett.},
  FJOURNAL = {Mathematical Research Letters},
    VOLUME = {21},
      YEAR = {2014},
    NUMBER = {5},
     PAGES = {985--1014},
      ISSN = {1073-2780},
   MRCLASS = {57R30 (32S65 53C12)},
  MRNUMBER = {3294560},
MRREVIEWER = {Cristian Ida},
       DOI = {10.4310/MRL.2014.v21.n5.a5},
       URL = {http://dx.doi.org/10.4310/MRL.2014.v21.n5.a5},
}

@unpublished{loray:hal-00942861,
  TITLE = {{Representations of quasiprojective groups, Flat connections and Transversely projective foliations}},
  AUTHOR = {Loray, Frank and Touzet, Fr{\'e}d{\'e}ric and Pereira, Jorge Vitorio},
  URL = {https://hal.archives-ouvertes.fr/hal-00942861},
  NOTE = {Latest version, accepted for publication in Journal de l'Ecole Polytechnique.},
  YEAR = {2016},
  MONTH = Jul,
  KEYWORDS = {Transverse structure ; Birational geometry ; Flat connection ; Foliation ; Irregular singular points ; Stokes matrices},
  PDF = {https://hal.archives-ouvertes.fr/hal-00942861/file/projectiverevisedter.pdf},
  HAL_ID = {hal-00942861},
  HAL_VERSION = {v3},
}

@article {MR2435846,
	AUTHOR = {McQuillan, Michael},
	TITLE = {Canonical models of foliations},
	JOURNAL = {Pure Appl. Math. Q.},
	FJOURNAL = {Pure and Applied Mathematics Quarterly},
	VOLUME = {4},
	YEAR = {2008},
	NUMBER = {3, part 2},
	PAGES = {877--1012},
	ISSN = {1558-8599},
	MRCLASS = {14E05 (32S65)},
	MRNUMBER = {2435846 (2009k:14026)},
	MRREVIEWER = {J{\'a}nos Koll{\'a}r},
	DOI = {10.4310/PAMQ.2008.v4.n3.a9},
	URL = {http://dx.doi.org/10.4310/PAMQ.2008.v4.n3.a9},
}

@book {MR2114696,
	AUTHOR = {Brunella, Marco},
	TITLE = {Birational geometry of foliations},
	SERIES = {Publica\c c\~oes Matem\'aticas do IMPA. [IMPA Mathematical
	Publications]},
	PUBLISHER = {Instituto de Matem\'atica Pura e Aplicada (IMPA), Rio de
	Janeiro},
	YEAR = {2004},
	PAGES = {iv+138},
	ISBN = {85-244-0219-9},
	MRCLASS = {32S65 (14E05 37F75)},
	MRNUMBER = {2114696 (2005k:32037)},
	MRREVIEWER = {Cinzia Bisi},
}

@article {MR1785264,
	AUTHOR = {Mendes, Lu{\'{\i}}s Gustavo},
	TITLE = {Kodaira dimension of holomorphic singular foliations},
	JOURNAL = {Bol. Soc. Brasil. Mat. (N.S.)},
	FJOURNAL = {Boletim da Sociedade Brasileira de Matem\'atica. Nova S\'erie},
	VOLUME = {31},
	YEAR = {2000},
	NUMBER = {2},
	PAGES = {127--143},
	ISSN = {0100-3569},
	MRCLASS = {14D06 (14J25 32S65)},
	MRNUMBER = {1785264 (2001i:14015)},
	MRREVIEWER = {Serge Cantat},
	DOI = {10.1007/BF01244239},
	URL = {http://dx.doi.org/10.1007/BF01244239},
}

@article{mio.lcy,
	Author = {Di Cerbo, G. and Svaldi, R.},
	journal={ArXiv e-print},
	year = {2016},
	eprinttype  = {arxiv},
	eprintclass = {math.AG},
	eprint = {arXiv:1608.02997},
	note={ArXiv:1608.02997v2, submitted},
	Bdsk-Url-1 = {http://arxiv.org/abs/1608.02997},
	Title = {Birational boundedness of low dimensional elliptic {C}alabi-{Y}au 
varieties with a section}}
	
@unpublished{mio.cy.rat,
	Author = {Di Cerbo, G. and Svaldi, R.},
	note={in preparation},
	Title = {Rational curves on {C}alabi-{Y}au threefolds in characteristic p.}}

@unpublished{mio.fol.2,
	Author = {Pereira, J. V. and Svaldi, R.},
	journal={ArXiv e-print},
	year = {2016},
	eprinttype  = {arxiv},
	eprintclass = {math.AG},
	eprint = {arXiv:1612.06932},
	note={ArXiv:1608.1612.06932v1},
	Title = {Effective algebraic integration in bounded genus}

@unpublished{mio.hyper,
	Author = {Svaldi, R.},
	note={in preparation},
	Title = {Effective birationality of positive divisors on hyperkaehler manifolds.}}	

@unpublished{mio.fol.3,
	Author = {Pereira, J. V. and Svaldi, R.},
	note={in preparation},
	Title = {Adjoint dimension of smooth foliations on 3-folds.}}
	
@article{mio.num.toric,
	Author = {Brown, M. and M\textsuperscript{c}Kernan, J. and Svaldi, R. and Zong, H. R.},
	journal={ArXiv e-print},
	year = {2016},
	eprinttype  = {arxiv},
	eprintclass = {math.AG},
	eprint = {1605.08911},
	note={ArXiv:1605.08911v1, accepted for publication at Duke Mathematical Journal},
	Bdsk-Url-1 = {http://arxiv.org/abs/1605.08911},
	Title = {A geometric characterization of toric varieties}}

@article {alex.bound.surf.94,
    AUTHOR = {Alexeev, V.},
     TITLE = {Boundedness and {$K^2$} for log surfaces},
   JOURNAL = {Internat. J. Math.},
  FJOURNAL = {International Journal of Mathematics},
    VOLUME = {5},
      YEAR = {1994},
    NUMBER = {6},
     PAGES = {779--810},
      ISSN = {0129-167X},
   MRCLASS = {14J10 (14J25)},
  MRNUMBER = {1298994 (95k:14048)},
MRREVIEWER = {Mark Gross},
       DOI = {10.1142/S0129167X94000395},
       URL = {http://dx.doi.org/10.1142/S0129167X94000395},
}

@article{amb99,
	Author = {Ambro, F.},
	journal = {ArXiv e-prints},
	archivePrefix = "arXiv",
	Eprint = {math/9903060},
	Month = {03},
	Title = {The {A}djunction {C}onjecture and its applications},
	Url = {http://arxiv.org/abs/math/9903060},
	Year = {1999},
	Bdsk-Url-1 = {http://arxiv.org/abs/math/9903060}}


@article{amb03,
	Author = {Ambro, F.},
	Fjournal = {Trudy Matematicheskogo Instituta Imeni V. A. Steklova. Rossi\u\i skaya Akademiya Nauk},
	Issn = {0371-9685},
	Journal = {Tr. Mat. Inst. Steklova},
	Mrclass = {14E30 (14J10)},
	Mrnumber = {1993751 (2004f:14027)},
	Mrreviewer = {Tomasz Szemberg},
	Number = {Biratsion. Geom. Linein. Sist. Konechno Porozhdennye Algebry},
	Pages = {220--239},
	Title = {Quasi-log varieties},
	Volume = {240},
	Year = {2003}}

@article{amb04,
	Author = {Ambro, F.},
	Coden = {JDGEAS},
	Fjournal = {Journal of Differential Geometry},
	Issn = {0022-040X},
	Journal = {J. Differential Geom.},
	Mrclass = {14J10 (14E05 14N30)},
	Mrnumber = {2153078 (2006d:14033)},
	Mrreviewer = {Tommaso De Fernex},
	Number = {2},
	Pages = {229--255},
	Title = {Shokurov's boundary property},
	Url = {http://projecteuclid.org/getRecord?id=euclid.jdg/1102536201},
	Volume = {67},
	Year = {2004},
	Bdsk-Url-1 = {http://projecteuclid.org/getRecord?id=euclid.jdg/1102536201}}

@article{amb05,
	Author = {Ambro, F.},
	Doi = {10.1112/S0010437X04001071},
	Fjournal = {Compositio Mathematica},
	Issn = {0010-437X},
	Journal = {Compos. Math.},
	Mrclass = {14E30 (14N30)},
	Mrnumber = {2134273 (2006d:14015)},
	Mrreviewer = {Mark Gross},
	Number = {2},
	Pages = {385--403},
	Title = {The moduli {$b$}-divisor of an lc-trivial fibration},
	Url = {http://dx.doi.org/10.1112/S0010437X04001071},
	Volume = {141},
	Year = {2005},
	Bdsk-Url-1 = {http://dx.doi.org/10.1112/S0010437X04001071}}

@book {surfaces.bhpv.book,
    AUTHOR = {Barth, Wolf P. and Hulek, Klaus and Peters, Chris A. M. and
              Van de Ven, Antonius},
     TITLE = {Compact complex surfaces},
    SERIES = {Ergebnisse der Mathematik und ihrer Grenzgebiete. 3. Folge. A
              Series of Modern Surveys in Mathematics [Results in
              Mathematics and Related Areas. 3rd Series. A Series of Modern
              Surveys in Mathematics]},
    VOLUME = {4},
   EDITION = {Second},
 PUBLISHER = {Springer-Verlag, Berlin},
      YEAR = {2004},
     PAGES = {xii+436},
      ISBN = {3-540-00832-2},
   MRCLASS = {14Jxx (14-02 32-02 32J15 57R57)},
  MRNUMBER = {2030225 (2004m:14070)},
MRREVIEWER = {I. Dolgachev},
       DOI = {10.1007/978-3-642-57739-0},
       URL = {http://dx.doi.org/10.1007/978-3-642-57739-0},
}

@article {Ber12,
	 AUTHOR = {Berman, R. J.},
     	TITLE = {{$K$}-polystability of $\ratl$-{F}ano varieties admitting {K}\"ahler-{E}instein metrics},
   	JOURNAL = {ArXiv e-print},
   	eprinttype  = {arxiv},
	eprintclass = {math.AG},
	eprint = {1205.6214},
  	note= {ArXiv:1205.6214v2},
  	YEAR = {2012},
	Bdsk-Url-1 = {http://arxiv.org/abs/1205.6214}
}

@article {birk.exist.lcflips.12,
    AUTHOR = {Birkar, Caucher},
     TITLE = {Existence of log canonical flips and a special {LMMP}},
   JOURNAL = {Publ. Math. Inst. Hautes \'Etudes Sci.},
  FJOURNAL = {Publications Math\'ematiques. Institut de Hautes \'Etudes
              Scientifiques},
      YEAR = {2012},
     PAGES = {325--368},
      ISSN = {0073-8301},
   MRCLASS = {14E30},
  MRNUMBER = {2929730},
MRREVIEWER = {Hsian-Hua Tseng},
       DOI = {10.1007/s10240-012-0039-5},
       URL = {http://dx.doi.org/10.1007/s10240-012-0039-5},
}

@article{blanc.lamy.12,
	Author = {Blanc, J. and Lamy, S.},
	Doi = {10.1112/plms/pds023},
	Fjournal = {Proceedings of the London Mathematical Society. Third Series},
	Issn = {0024-6115},
	Journal = {Proc. Lond. Math. Soc. (3)},
	Mrclass = {14E05 (14E30)},
	Mrnumber = {2997046},
	Mrreviewer = {Gianluca Occhetta},
	Number = {5},
	Pages = {1047--1075},
	Title = {Weak {F}ano threefolds obtained by blowing-up a space curve and construction of {S}arkisov links},
	Url = {http://dx.doi.org/10.1112/plms/pds023},
	Volume = {105},
	Year = {2012},
	Bdsk-Url-1 = {http://dx.doi.org/10.1112/plms/pds023}}

@article{bchm,
	Author = {Birkar, C. and Cascini, P. and Hacon, C. D. and M\textsuperscript{c}Kernan, J.},
	Doi = {10.1090/S0894-0347-09-00649-3},
	Fjournal = {Journal of the American Mathematical Society},
	Issn = {0894-0347},
	Journal = {J. Amer. Math. Soc.},
	Mrclass = {14E30 (14E05)},
	Mrnumber = {2601039 (2011f:14023)},
	Mrreviewer = {Mark Gross},
	Number = {2},
	Pages = {405--468},
	Title = {Existence of minimal models for varieties of log general type},
	Url = {http://dx.doi.org/10.1090/S0894-0347-09-00649-3},
	Volume = {23},
	Year = {2010},
	Bdsk-Url-1 = {http://dx.doi.org/10.1090/S0894-0347-09-00649-3}}
	
@incollection {iitaka.surf.bomb,
	 AUTHOR = {Bombieri, Enrico},
     	TITLE = {The pluricanonical map of a complex surface},
 	BOOKTITLE = {Several {C}omplex {V}ariables, {I} ({P}roc. {C}onf., {U}niv.
              of {M}aryland, {C}ollege {P}ark, {M}d., 1970)},
     	PAGES = {35--87},
 	PUBLISHER = {Springer, Berlin},
     	YEAR = {1970},
   	MRCLASS = {14.01},
  	MRNUMBER = {0276228 (43 \#1975)},
	MRREVIEWER = {T. Matsusaka},
}

@incollection{corti-book07,
	Address = {Oxford},
	Author = {Corti, A.},
	Booktitle = {Flips for 3-folds and 4-folds},
	Doi = {10.1093/acprof:oso/9780198570615.003.0002},
	Mrclass = {14E30},
	Mrnumber = {2359340},
	Pages = {vii+189},
	Publisher = {Oxford Univ. Press},
	Series = {Oxford Lecture Ser. Math. Appl.},
	Title = {3-fold flips after {S}hokurov},
	Url = {http://dx.doi.org/10.1093/acprof:oso/9780198570615.003.0002},
	Volume = {35},
	Year = {2007},
	Bdsk-Url-1 = {http://dx.doi.org/10.1093/acprof:oso/9780198570615.003.0002}}

@article {cox95,
    AUTHOR = {Cox, D. A.},
     TITLE = {The homogeneous coordinate ring of a toric variety},
   JOURNAL = {J. Algebraic Geom.},
  FJOURNAL = {Journal of Algebraic Geometry},
    VOLUME = {4},
      YEAR = {1995},
    NUMBER = {1},
     PAGES = {17--50},
      ISSN = {1056-3911},
   MRCLASS = {14M25},
  MRNUMBER = {1299003 (95i:14046)},
MRREVIEWER = {Mina Teicher},
}

@incollection {df.hac.fano.12,
    AUTHOR = {de Fernex, T. and Hacon, C. D.},
     TITLE = {Rigidity properties of {F}ano varieties},
 BOOKTITLE = {Current developments in algebraic geometry},
    SERIES = {Math. Sci. Res. Inst. Publ.},
    VOLUME = {59},
     PAGES = {113--127},
 PUBLISHER = {Cambridge Univ. Press, Cambridge},
      YEAR = {2012},
   MRCLASS = {14J45 (14E05)},
  MRNUMBER = {2931867},
}

@article {df.kol.x.12,
	 AUTHOR = {de Fernex, T. and Koll{\'a}r, J. and Xu, C.},
     	TITLE = {The dual complex of singularities},
   	JOURNAL = {ArXiv e-print},
   	eprinttype  = {arxiv},
	eprintclass = {math.AG},
	eprint = {1212.1675},
  	URL = {arXiv:1212.1675},
  	YEAR = {2012},
	Bdsk-Url-1 = {http://arxiv.org/abs/1212.1675},
	note={ArXiv:1212.1675v3. To appear in Adv. Stud. Pure Math., Professor Kawamata's 60th birthday volume}
	}

@article {del.hodge.II,
    	AUTHOR = {Deligne, P.},
    	TITLE = {Th\'eorie de {H}odge. {II}},
   	JOURNAL = {Inst. Hautes \'Etudes Sci. Publ. Math.},
  	FJOURNAL = {Institut des Hautes \'Etudes Scientifiques. Publications
              Math\'ematiques},
    	NUMBER = {40},
      	YEAR = {1971},
     	PAGES = {5--57},
      	ISSN = {0073-8301},
   	MRCLASS = {14C30 (14F15)},
  	MRNUMBER = {0498551 (58 \#16653a)},
	MRREVIEWER = {J. H. M. Steenbrink},
}

@electronic{dem2012,
	Author = {Demailly, J.-P.},
	Month = {07},
	Title = {Kobayashi pseudo-metrics, entire curves and hyperbolicity of algebraic varieties},
	note={Available electronically at http://www-fourier.ujf-grenoble.fr/{$\sim$}demailly/manuscripts/kobayashi.pdf},
	Urldate = {http://www-fourier.ujf-grenoble.fr/~demailly/manuscripts/kobayashi.pdf},
	Year = {2012}}

@article {div.ferr11,
    AUTHOR = {Diverio, S. and Ferretti, A.},
     TITLE = {On a conjecture of {O}guiso about rational curves on
              {C}alabi-{Y}au threefolds},
   JOURNAL = {Comment. Math. Helv.},
  FJOURNAL = {Commentarii Mathematici Helvetici. A Journal of the Swiss
              Mathematical Society},
    VOLUME = {89},
      YEAR = {2014},
    NUMBER = {1},
     PAGES = {157--172},
      ISSN = {0010-2571},
   MRCLASS = {14J32 (14E30 14H45 32Q45)},
  MRNUMBER = {3177911},
MRREVIEWER = {Hsian-Hua Tseng},
       DOI = {10.4171/CMH/315},
       URL = {http://dx.doi.org/10.4171/CMH/315},
}

@article{floris12,
	Author = {Floris, E.},
	journal = {ArXiv e-prints},
	archivePrefix = "arXiv",
	eprint = {arxiv:1206.6966},
	year = 2012,
    	month = jun,
	Title = {Inductive approach to effective b-semiampleness},
	Url = {http://arxiv.org/abs/1206.6966},
	Bdsk-Url-1 = {http://arxiv.org/abs/1206.6966}}

@article{leh1,
	Author = {Lehmann, B. and Tanimoto, S.},
	journal = {ArXiv e-prints},
	archivePrefix = "arXiv",
	eprint = {arxiv:1607.03499v2},
	year = 2016,
	Title = {On the geometry of thin exceptional sets in {M}anin's {C}onjecture},
	Url = {http://arxiv.org/abs/1607.03499},
	Bdsk-Url-1 = {http://arxiv.org/abs/1607.03499v2}}
	
@article{leh2,
	Author = {Lehmann, B. and Tanimoto, S.},
	journal = {ArXiv e-prints},
	archivePrefix = "arXiv",
	eprint = {arxiv:1702.08508v1},
	year = 2017,
	Title = {Geometric {M}anin's {C}onjecture and rational curves},
	Url = {http://arxiv.org/abs/1702.08508},
	Bdsk-Url-1 = {http://arxiv.org/abs/1702.08508}}	

@article{fuj03,
	Author = {Fujino, O.},
	Coden = {NGMJA2},
	Fjournal = {Nagoya Mathematical Journal},
	Issn = {0027-7630},
	Journal = {Nagoya Math. J.},
	Mrclass = {14D07 (14C20 14J15)},
	Mrnumber = {2019523 (2005b:14024)},
	Mrreviewer = {Miguel A. Barja},
	Pages = {129--171},
	Title = {A canonical bundle formula for certain algebraic fiber spaces and its applications},
	Url = {http://projecteuclid.org/getRecord?id=euclid.nmj/1114631959},
	Volume = {172},
	Year = {2003},
	Bdsk-Url-1 = {http://projecteuclid.org/getRecord?id=euclid.nmj/1114631959}}

@article{fuj09,
	Author = {Fujino, O.},
	journal = {ArXiv e-prints},
	archivePrefix = "arXiv",
	eprint = {arxiv:0907.1506},
     	year = 2009,
    	month = jul,
	Title = {Introduction to the log minimal model program for log canonical pairs},
	Url = {http://arxiv.org/abs/0907.1506},
	Bdsk-Url-1 = {http://arxiv.org/abs/0907.1506}}
	
	@article {fuj.acc.12,
    AUTHOR = {Fujino, O. and Ishitsuka, Y.},
     TITLE = {On the {ACC} for lengths of extremal rays},
   JOURNAL = {Tohoku Math. J. (2)},
  FJOURNAL = {The Tohoku Mathematical Journal. Second Series},
    VOLUME = {65},
      YEAR = {2013},
    NUMBER = {1},
     PAGES = {93--103},
      ISSN = {0040-8735},
   MRCLASS = {14M25 (14E30)},
  MRNUMBER = {3049642},
MRREVIEWER = {Yifei Chen},
       DOI = {10.2748/tmj/1365452627},
       URL = {http://dx.doi.org/10.2748/tmj/1365452627},
}
	
@article {fuj.nonvan.12,
	AUTHOR = {Fujino, O.},
     	TITLE = {Non-vanishing theorem for log canonical pairs},
   	JOURNAL = {J. Algebraic Geom.},
  	FJOURNAL = {Journal of Algebraic Geometry},
   	VOLUME = {20},
      	YEAR = {2011},
    	NUMBER = {4},
     	PAGES = {771--783},
      	ISSN = {1056-3911},
   	MRCLASS = {14E05 (14C20)},
  	MRNUMBER = {2819675 (2012j:14021)},
	MRREVIEWER = {Alexandr V. Pukhlikov},
       	DOI = {10.1090/S1056-3911-2010-00558-9},
       	URL = {http://dx.doi.org/10.1090/S1056-3911-2010-00558-9},
}

@article{fuj09.fund.thms,
	Author = {Fujino, O.},
	journal = {ArXiv e-prints},
	archivePrefix = "arXiv",
	Eprint = {0909.4445},
	Month = {09},
	Title = {Fundamental theorems for the log minimal model program},
	Url = {http://arxiv.org/abs/0909.4445},
	Year = {2009},
	Bdsk-Url-1 = {http://arxiv.org/abs/0909.4445}}

@article{fuj-gong.1210,
	Author = {Fujino, O. and Gongyo, Y.},
	journal = {ArXiv e-prints},
	archivePrefix = "arXiv",
	eprint = {1210.5052},
	Month = {10},
	Title = {On the moduli b-divisors of lc-trivial fibrations},
	Url = {http://arxiv.org/abs/1210.5052},
	Year = {2012},
	Bdsk-Url-1 = {http://arxiv.org/abs/1210.5052}}


@article{fuj-gong12,
	Author = {Fujino, O. and Gongyo, Y.},
	Doi = {10.1307/mmj/1339011526},
	Fjournal = {Michigan Mathematical Journal},
	Issn = {0026-2285},
	Journal = {Michigan Math. J.},
	Mrclass = {14C20 (14B05)},
	Mrnumber = {2944479},
	Mrreviewer = {C{\'{\i}}cero Carvalho},
	Number = {2},
	Pages = {255--264},
	Title = {On canonical bundle formulas and subadjunctions},
	Url = {http://dx.doi.org/10.1307/mmj/1339011526},
	Volume = {61},
	Year = {2012},
	Bdsk-Url-1 = {http://dx.doi.org/10.1307/mmj/1339011526}}

@article{fuj-mor,
	Author = {Fujino, O. and Mori, S.},
	Coden = {JDGEAS},
	Fjournal = {Journal of Differential Geometry},
	Issn = {0022-040X},
	Journal = {J. Differential Geom.},
	Mrclass = {14N30 (14E30 14J40)},
	Mrnumber = {1863025 (2002h:14091)},
	Mrreviewer = {Massimiliano Mella},
	Number = {1},
	Pages = {167--188},
	Title = {A canonical bundle formula},
	Url = {http://projecteuclid.org/getRecord?id=euclid.jdg/1090347529},
	Volume = {56},
	Year = {2000},
	Bdsk-Url-1 = {http://projecteuclid.org/getRecord?id=euclid.jdg/1090347529}}

@incollection {green.griff.conj.80,
    AUTHOR = {Green, M. and Griffiths, P.},
     TITLE = {Two applications of algebraic geometry to entire holomorphic
              mappings},
 BOOKTITLE = {The {C}hern {S}ymposium 1979 ({P}roc. {I}nternat. {S}ympos.,
              {B}erkeley, {C}alif., 1979)},
     PAGES = {41--74},
 PUBLISHER = {Springer, New York-Berlin},
      YEAR = {1980},
   MRCLASS = {32H25 (14J25 32J15)},
  MRNUMBER = {609557 (82h:32026)},
MRREVIEWER = {R. R. Simha},
}

@article {gross.finite.c-y.94,
    AUTHOR = {Gross, Mark},
     TITLE = {A finiteness theorem for elliptic {C}alabi-{Y}au threefolds},
   JOURNAL = {Duke Math. J.},
  FJOURNAL = {Duke Mathematical Journal},
    VOLUME = {74},
      YEAR = {1994},
    NUMBER = {2},
     PAGES = {271--299},
      ISSN = {0012-7094},
     CODEN = {DUMJAO},
   MRCLASS = {14J32 (14J15)},
  MRNUMBER = {1272978 (95c:14047)},
MRREVIEWER = {Bruce Hunt},
       DOI = {10.1215/S0012-7094-94-07414-0},
       URL = {http://dx.doi.org/10.1215/S0012-7094-94-07414-0},
}

@article{hac-mck05,
	Author = {Hacon, C. D. and M\textsuperscript{c}kernan, J.},
	Coden = {DUMJAO},
	Doi = {10.1215/S0012-7094-07-13813-4},
	Fjournal = {Duke Mathematical Journal},
	Issn = {0012-7094},
	Journal = {Duke Math. J.},
	Mrclass = {14E30 (14E05 14J45)},
	Mrnumber = {2309156 (2008f:14030)},
	Mrreviewer = {Mihnea Popa},
	Number = {1},
	Pages = {119--136},
	Title = {On {S}hokurov's rational connectedness conjecture},
	Url = {http://dx.doi.org/10.1215/S0012-7094-07-13813-4},
	Volume = {138},
	Year = {2007},
	Bdsk-Url-1 = {http://dx.doi.org/10.1215/S0012-7094-07-13813-4}}
	
@article {hmx.acc,
    AUTHOR = {Hacon, C. D. and M\textsuperscript{c}Kernan, J. and Xu, C.},
     TITLE = {A{CC} for log canonical thresholds},
   JOURNAL = {Ann. of Math. (2)},
  FJOURNAL = {Annals of Mathematics. Second Series},
    VOLUME = {180},
      YEAR = {2014},
    NUMBER = {2},
     PAGES = {523--571},
      ISSN = {0003-486X},
   MRCLASS = {14Exx (14C20)},
  MRNUMBER = {3224718},
       DOI = {10.4007/annals.2014.180.2.3},
       URL = {http://dx.doi.org/10.4007/annals.2014.180.2.3},
}	

@article {hx.clos.13,
    AUTHOR = {Hacon, C. D. and Xu, C.},
     TITLE = {Existence of log canonical closures},
   JOURNAL = {Invent. Math.},
  FJOURNAL = {Inventiones Mathematicae},
    VOLUME = {192},
      YEAR = {2013},
    NUMBER = {1},
     PAGES = {161--195},
      ISSN = {0020-9910},
     CODEN = {INVMBH},
   MRCLASS = {14E30},
  MRNUMBER = {3032329},
MRREVIEWER = {Ilya Karzhemanov},
       DOI = {10.1007/s00222-012-0409-0},
       URL = {http://dx.doi.org/10.1007/s00222-012-0409-0},
}

@book {hartshorne.ag.book,
    AUTHOR = {Hartshorne, Robin},
     TITLE = {Algebraic geometry},
      NOTE = {Graduate Texts in Mathematics, No. 52},
 PUBLISHER = {Springer-Verlag, New York-Heidelberg},
      YEAR = {1977},
     PAGES = {xvi+496},
      ISBN = {0-387-90244-9},
   MRCLASS = {14-01},
  MRNUMBER = {0463157 (57 \#3116)},
MRREVIEWER = {Robert Speiser},
}

@article{ito13,
	Author = {Ito, A.},
	archiveprefix={arxiv},
	eprint = {1304.8005},
	Month = {},
	Title = {Examples of {M}ori dream spaces with {P}icard number two},
	Url = {http://arxiv.org/abs/1304.8005},
	Year = {2013},
	}

@article {kaw.cone.84,
    AUTHOR = {Kawamata, Y.},
     TITLE = {The cone of curves of algebraic varieties},
   JOURNAL = {Ann. of Math. (2)},
  FJOURNAL = {Annals of Mathematics. Second Series},
    VOLUME = {119},
      YEAR = {1984},
    NUMBER = {3},
     PAGES = {603--633},
      ISSN = {0003-486X},
     CODEN = {ANMAAH},
   MRCLASS = {14E05 (14E30 14J30)},
  MRNUMBER = {744865 (86c:14013b)},
MRREVIEWER = {Ulf Persson},
       DOI = {10.2307/2007087},
       URL = {http://dx.doi.org/10.2307/2007087},
}


@article{kawam91,
	Author = {Kawamata, Y.},
	Coden = {INVMBH},
	Doi = {10.1007/BF01232281},
	Fjournal = {Inventiones Mathematicae},
	Issn = {0020-9910},
	Journal = {Invent. Math.},
	Mrclass = {14E30 (14E99)},
	Mrnumber = {1117153 (92m:14026)},
	Mrreviewer = {Peter Nielsen},
	Number = {3},
	Pages = {609--611},
	Title = {On the length of an extremal rational curve},
	Url = {http://dx.doi.org/10.1007/BF01232281},
	Volume = {105},
	Year = {1991},
	Bdsk-Url-1 = {http://dx.doi.org/10.1007/BF01232281}}
	
	@article {kaw.cy.fibr.97,
    AUTHOR = {Kawamata, Y.},
     TITLE = {On the cone of divisors of {C}alabi-{Y}au fiber spaces},
   JOURNAL = {Internat. J. Math.},
  FJOURNAL = {International Journal of Mathematics},
    VOLUME = {8},
      YEAR = {1997},
    NUMBER = {5},
     PAGES = {665--687},
      ISSN = {0129-167X},
   MRCLASS = {14J32},
  MRNUMBER = {1468356 (98g:14043)},
MRREVIEWER = {Mark Gross},
       DOI = {10.1142/S0129167X97000354},
       URL = {http://dx.doi.org/10.1142/S0129167X97000354},
}
	
	@incollection {kmm87,
    AUTHOR = {Kawamata, Y. and Matsuda, K. and Matsuki, K.},
     TITLE = {Introduction to the minimal model problem},
 BOOKTITLE = {Algebraic geometry, {S}endai, 1985},
    SERIES = {Adv. Stud. Pure Math.},
    VOLUME = {10},
     PAGES = {283--360},
 PUBLISHER = {North-Holland, Amsterdam},
      YEAR = {1987},
   MRCLASS = {14E30 (14E05 14J40)},
  MRNUMBER = {946243 (89e:14015)},
MRREVIEWER = {David R. Morrison},
}


@article{kneser60,
	Author = {Kneser, M.},
	Fjournal = {Archiv f\"ur Mathematische Logik und Grundlagenforschung},
	Issn = {0003-9268},
	Journal = {Arch. Math.},
	Mrclass = {14.20},
	Mrnumber = {0182908 (32 \#390)},
	Mrreviewer = {P. Du},
	Pages = {157--158},
	Title = {\"{U}ber die {D}arstellung algebraischer {R}aumkurven als {D}urchschnitte von {F}l\"achen},
	Volume = {11},
	Year = {1960}}
	
	@book {kob.book.70,
    AUTHOR = {Kobayashi, S.},
     TITLE = {Hyperbolic manifolds and holomorphic mappings},
    SERIES = {Pure and Applied Mathematics},
    VOLUME = {2},
 PUBLISHER = {Marcel Dekker, Inc., New York},
      YEAR = {1970},
     PAGES = {ix+148},
   MRCLASS = {32.60},
  MRNUMBER = {0277770 (43 \#3503)},
MRREVIEWER = {W. Kaup},
}

@book{koll-book13,
	Address = {Cambridge},
	Author = {Koll{\'a}r, J.},
	Isbn = {978-1-107-03534-8},
	Mrclass = {14E30 (14B05)},
	Mrnumber = {3057950},
	Note = {With a collaboration of S. Kov{\'a}cs},
	Pages = {x+370},
	Publisher = {Cambridge University Press},
	Series = {Cambridge Tracts in Mathematics},
	Title = {Singularities of the minimal model program},
	Volume = {200},
	Year = {2013}}

@article {koll.cone.84,
    AUTHOR = {Koll{\'a}r, J.},
     TITLE = {The cone theorem. {N}ote to a paper: ``{T}he cone of curves of
              algebraic varieties'' [{A}nn. of {M}ath. (2) {\bf 119}\
              (1984), no. 3, 603--633;  {MR}0744865 (86c:14013b)]\ by {Y}.
              {K}awamata},
   JOURNAL = {Ann. of Math. (2)},
  FJOURNAL = {Annals of Mathematics. Second Series},
    VOLUME = {120},
      YEAR = {1984},
    NUMBER = {1},
     PAGES = {1--5},
      ISSN = {0003-486X},
     CODEN = {ANMAAH},
   MRCLASS = {14E05 (14E30)},
  MRNUMBER = {750714 (86c:14013c)},
MRREVIEWER = {Ulf Persson},
       DOI = {10.2307/2007069},
       URL = {http://dx.doi.org/10.2307/2007069},
}

@article {kol.mod.90,
    AUTHOR = {Koll{\'a}r, J.},
     TITLE = {Projectivity of complete moduli},
   JOURNAL = {J. Differential Geom.},
  FJOURNAL = {Journal of Differential Geometry},
    VOLUME = {32},
      YEAR = {1990},
    NUMBER = {1},
     PAGES = {235--268},
      ISSN = {0022-040X},
     CODEN = {JDGEAS},
   MRCLASS = {14D22 (14H10 14J10)},
  MRNUMBER = {1064874 (92e:14008)},
MRREVIEWER = {Autorreferat},
       URL = {http://projecteuclid.org/euclid.jdg/1214445046},
}

@article{koll11,
	Author = {Koll{\'a}r, J.},
	journal = {ArXiv e-prints},
	archivePrefix = "arXiv",
   	eprint  = {arxiv:1107.2863},
	year= 2011,
	month= jul,
	Title = {Sources of log canonical centers},
	Url = {http://arxiv.org/abs/1107.2863},
	Bdsk-Url-1 = {http://arxiv.org/abs/1107.2863}}
	
	@incollection {kol.mod.13,
    AUTHOR = {Koll{\'a}r, J.},
     TITLE = {Moduli of varieties of general type},
 BOOKTITLE = {Handbook of moduli. {V}ol. {II}},
    SERIES = {Adv. Lect. Math. (ALM)},
    VOLUME = {25},
     PAGES = {131--157},
 PUBLISHER = {Int. Press, Somerville, MA},
      YEAR = {2013},
   MRCLASS = {14D20 (14D22)},
  MRNUMBER = {3184176},
MRREVIEWER = {Nicolae Manolache},
}

@article{koll-kov10,
	Author = {Koll{\'a}r, J. and Kov{\'a}cs, S. J.},
	Doi = {10.1090/S0894-0347-10-00663-6},
	Fjournal = {Journal of the American Mathematical Society},
	Issn = {0894-0347},
	Journal = {J. Amer. Math. Soc.},
	Mrclass = {14J17 (14B07 14E30)},
	Mrnumber = {2629988 (2011m:14061)},
	Mrreviewer = {Ali Sinan Sert{\"o}z},
	Number = {3},
	Pages = {791--813},
	Title = {Log canonical singularities are {D}u {B}ois},
	Url = {http://dx.doi.org/10.1090/S0894-0347-10-00663-6},
	Volume = {23},
	Year = {2010},
	Bdsk-Url-1 = {http://dx.doi.org/10.1090/S0894-0347-10-00663-6}}

@incollection{koll-etal-book,
	Author = {Koll{\'a}r, J. and others},
	Booktitle = {Flips and abundance for algebraic threefolds},
	Date-Modified = {2013-10-18 21:51:48 +0000},
	Mrclass = {14E30},
	Pages = {i+258},
	Publisher = {SMF},
	Series = {Ast{\'e}risque},
	Title = {Flips and abundance for algebraic threefolds},
	Volume = {211},
	Year = {1992}}

@book{koll-mor-book,
	Address = {Cambridge},
	Author = {Koll{\'a}r, J. and Mori, S.},
	Doi = {10.1017/CBO9780511662560},
	Isbn = {0-521-63277-3},
	Mrclass = {14E30},
	Mrnumber = {1658959 (2000b:14018)},
	Mrreviewer = {Mark Gross},
	Note = {With the collaboration of C. H. Clemens and A. Corti, Translated from the 1998 Japanese original},
	Pages = {viii+254},
	Publisher = {Cambridge University Press},
	Series = {Cambridge Tracts in Mathematics},
	Title = {Birational geometry of algebraic varieties},
	Url = {http://dx.doi.org/10.1017/CBO9780511662560},
	Volume = {134},
	Year = {1998},
	Bdsk-Url-1 = {http://dx.doi.org/10.1017/CBO9780511662560}}

@incollection {koll.cy.def,
    AUTHOR = {Koll{\'a}r, J.},
     TITLE = {Deformations of elliptic {C}alabi-{Y}au manifolds},
 BOOKTITLE = {Recent advances in algebraic geometry},
    SERIES = {London Math. Soc. Lecture Note Ser.},
    VOLUME = {417},
     PAGES = {254--290},
 PUBLISHER = {Cambridge Univ. Press, Cambridge},
      YEAR = {2015},
   MRCLASS = {14J32 (14D15 32G08)},
  MRNUMBER = {3380453},
MRREVIEWER = {Simone Diverio},
}


@book {lang.hyp.book.87,
    AUTHOR = {Lang, S.},
     TITLE = {Introduction to complex hyperbolic spaces},
 PUBLISHER = {Springer-Verlag, New York},
      YEAR = {1987},
     PAGES = {viii+271},
      ISBN = {0-387-96447-9},
   MRCLASS = {32H15 (11J99 30D35 32-02 32H20 32H25)},
  MRNUMBER = {886677 (88f:32065)},
MRREVIEWER = {Hirotaka Fujimoto},
       DOI = {10.1007/978-1-4757-1945-1},
       URL = {http://dx.doi.org/10.1007/978-1-4757-1945-1},
}

@book{laz-book-pos2,
	Address = {Berlin},
	Author = {Lazarsfeld, R.},
	Doi = {10.1007/978-3-642-18808-4},
	Isbn = {3-540-22534-X},
	Mrclass = {14-02 (14C20 14F05 14F17)},
	Mrnumber = {2095472 (2005k:14001b)},
	Mrreviewer = {Mihnea Popa},
	Note = {Positivity for vector bundles, and multiplier ideals},
	Pages = {xviii+385},
	Publisher = {Springer-Verlag},
	Series = {Ergebnisse der Mathematik und ihrer Grenzgebiete. 3. Folge. A Series of Modern Surveys in Mathematics [Results in Mathematics and Related Areas. 3rd Series. A Series of Modern Surveys in Mathematics]},
	Title = {Positivity in algebraic geometry. {II}},
	Url = {http://dx.doi.org/10.1007/978-3-642-18808-4},
	Volume = {49},
	Year = {2004},
	Bdsk-Url-1 = {http://dx.doi.org/10.1007/978-3-642-18808-4}}
	
@book {laz-book-pos1,
    AUTHOR = {Lazarsfeld, Robert},
     TITLE = {Positivity in algebraic geometry. {I}},
    SERIES = {Ergebnisse der Mathematik und ihrer Grenzgebiete. 3. Folge. A
              Series of Modern Surveys in Mathematics [Results in
              Mathematics and Related Areas. 3rd Series. A Series of Modern
              Surveys in Mathematics]},
    VOLUME = {48},
      NOTE = {Classical setting: line bundles and linear series},
 PUBLISHER = {Springer-Verlag, Berlin},
      YEAR = {2004},
     PAGES = {xviii+387},
      ISBN = {3-540-22533-1},
   MRCLASS = {14-02 (14C20)},
  MRNUMBER = {2095471 (2005k:14001a)},
MRREVIEWER = {Mihnea Popa},
       DOI = {10.1007/978-3-642-18808-4},
       URL = {http://dx.doi.org/10.1007/978-3-642-18808-4},
}	

@article{lu-zh,
	Author = {Lu, S. S. Y. and Zhang, D.-Q.},
	Journal = {ArXiv e-print},
	archivePrefix="arXiv",
	note = {Arxiv:1207.7346v3. To appear in {\sl Journal f\"ur die reine und angewandte Mathematik}},
	Title = {Positivity criteria for log canonical divisors and hyperbolicity},
	Url = {http://arxiv.org/abs/1207.7346},
	Year = {2012},
	Bdsk-Url-1 = {http://arxiv.org/abs/1207.7346}}
	
	
@article {miy.mor.unirul.86,
    AUTHOR = {Miyaoka, Y. and Mori, S.},
     TITLE = {A numerical criterion for uniruledness},
   JOURNAL = {Ann. of Math. (2)},
  FJOURNAL = {Annals of Mathematics. Second Series},
    VOLUME = {124},
      YEAR = {1986},
    NUMBER = {1},
     PAGES = {65--69},
      ISSN = {0003-486X},
     CODEN = {ANMAAH},
   MRCLASS = {14J40},
  MRNUMBER = {847952 (87k:14046)},
MRREVIEWER = {C. A. M. Peters},
       DOI = {10.2307/1971387},
       URL = {http://dx.doi.org/10.2307/1971387},
}

@article {mori.muk.03,
    AUTHOR = {Mori, S. and Mukai, S.},
     TITLE = {Erratum: ``{C}lassification of {F}ano 3-folds with {$B_2\geq 2$}'' [{M}anuscripta {M}ath. {\bf 36} (1981/82), no. 2,
              147--162; {MR}0641971 (83f:14032)]},
   JOURNAL = {Manuscripta Math.},
  FJOURNAL = {Manuscripta Mathematica},
    VOLUME = {110},
      YEAR = {2003},
    NUMBER = {3},
     PAGES = {407},
      ISSN = {0025-2611},
     CODEN = {MSMHB2},
   MRCLASS = {14J45 (14E30 14J30)},
  MRNUMBER = {1969009},
       DOI = {10.1007/s00229-002-0336-2},
       URL = {http://dx.doi.org/10.1007/s00229-002-0336-2},
}

@article{mori.muk.82,
	Author = {Mori, S. and Mukai, S.},
	Coden = {MSMHB2},
	Doi = {10.1007/BF01170131},
	Fjournal = {Manuscripta Mathematica},
	Issn = {0025-2611},
	Journal = {Manuscripta Math.},
	Mrclass = {14J30 (14J10)},
	Mrnumber = {641971 (83f:14032)},
	Mrreviewer = {Mary Schaps},
	Number = {2},
	Pages = {147--162},
	Title = {Classification of {F}ano {$3$}-folds with {$B_{2}\geq 2$}},
	Url = {http://dx.doi.org/10.1007/BF01170131},
	Volume = {36},
	Year = {1981/82},
	Bdsk-Url-1 = {http://dx.doi.org/10.1007/BF01170131}}

@article{mori.82,
	Author = {Mori, S.},
	Coden = {ANMAAH},
	Doi = {10.2307/2007050},
	Fjournal = {Annals of Mathematics. Second Series},
	Issn = {0003-486X},
	Journal = {Ann. of Math. (2)},
	Mrclass = {14J30 (14E35)},
	Mrnumber = {662120 (84e:14032)},
	Mrreviewer = {Ulf Persson},
	Number = {1},
	Pages = {133--176},
	Title = {Threefolds whose canonical bundles are not numerically effective},
	Url = {http://dx.doi.org/10.2307/2007050},
	Volume = {116},
	Year = {1982},
	Bdsk-Url-1 = {http://dx.doi.org/10.2307/2007050}}

@article {hu.keel,
    AUTHOR = {Hu, Yi and Keel, Sean},
     TITLE = {Mori dream spaces and {GIT}},
      NOTE = {Dedicated to William Fulton on the occasion of his 60th
              birthday},
   JOURNAL = {Michigan Math. J.},
  FJOURNAL = {Michigan Mathematical Journal},
    VOLUME = {48},
      YEAR = {2000},
     PAGES = {331--348},
      ISSN = {0026-2285},
   MRCLASS = {14L24 (14E30)},
  MRNUMBER = {1786494 (2001i:14059)},
MRREVIEWER = {P. E. Newstead},
       DOI = {10.1307/mmj/1030132722},
       URL = {http://dx.doi.org/10.1307/mmj/1030132722},
}

@article {mor.comp.mod.93,
    AUTHOR = {Morrison, D. R.},
     TITLE = {Compactifications of moduli spaces inspired by mirror
              symmetry},
      NOTE = {Journ{\'e}es de G{\'e}om{\'e}trie Alg{\'e}brique d'Orsay
              (Orsay, 1992)},
   JOURNAL = {Ast\'erisque},
  FJOURNAL = {Ast\'erisque},
    NUMBER = {218},
      YEAR = {1993},
     PAGES = {243--271},
      ISSN = {0303-1179},
   MRCLASS = {32G20 (14J32 14J40 32G81 32J18)},
  MRNUMBER = {1265317 (95d:32021)},
MRREVIEWER = {Bruce Hunt},
}

@article{mcq-pac,
	author = {McQuillan, M. and Pacienza, G.},
	journal = {Arxiv e-prints},
	archivePrefix= "arXiv",
	eprint = {1211.0203},
	Title = {Remarks about bubbles},
	year= 2012,
	month= nov,
	Url = {http://arxiv.org/abs/1211.0203},
	Bdsk-Url-1 = {http://arxiv.org/abs/1211.0203}}
	
	
@article {od.ok.13,
    AUTHOR = {Odaka, Y. and Okada, T.},
     TITLE = {Birational superrigidity and slope stability of {F}ano
              manifolds},
   JOURNAL = {Math. Z.},
  FJOURNAL = {Mathematische Zeitschrift},
    VOLUME = {275},
      YEAR = {2013},
    NUMBER = {3-4},
     PAGES = {1109--1119},
      ISSN = {0025-5874},
   MRCLASS = {14E05 (14C20 14J45 57Rxx)},
  MRNUMBER = {3127049},
MRREVIEWER = {Xiaobin Li},
       DOI = {10.1007/s00209-013-1172-7},
       URL = {http://dx.doi.org/10.1007/s00209-013-1172-7},
}

@article{Og-Pet98,
	Author = {Oguiso, K. and Peternell, T.},
	Fjournal = {Communications in Analysis and Geometry},
	Issn = {1019-8385},
	Journal = {Comm. Anal. Geom.},
	Mrclass = {14J32},
	Mrnumber = {1619841 (99c:14052)},
	Mrreviewer = {Mark Gross},
	Number = {1},
	Pages = {153--172},
	Title = {Calabi-{Y}au threefolds with positive second {C}hern class},
	Volume = {6},
	Year = {1998}}

@article{Ogui93,
	Author = {Oguiso, K.},
	Doi = {10.1142/S0129167X93000248},
	Fjournal = {International Journal of Mathematics},
	Issn = {0129-167X},
	Journal = {Internat. J. Math.},
	Mrclass = {14J30},
	Mrnumber = {1228584 (94g:14019)},
	Mrreviewer = {Antonella Grassi},
	Note = {With an appendix by Noboru Nakayama},
	Number = {3},
	Pages = {439--465},
	Title = {On algebraic fiber space structures on a {C}alabi-{Y}au {$3$}-fold},
	Url = {http://dx.doi.org/10.1142/S0129167X93000248},
	Volume = {4},
	Year = {1993},
	Bdsk-Url-1 = {http://dx.doi.org/10.1142/S0129167X93000248}}

@article{pes.sz.74,
	Author = {Peskine, C. and Szpiro, L.},
	Fjournal = {Inventiones Mathematicae},
	Issn = {0020-9910},
	Journal = {Invent. Math.},
	Mrclass = {14M10},
	Mrnumber = {0364271 (51 \#526)},
	Mrreviewer = {G. Horrocks},
	Pages = {271--302},
	Title = {Liaison des vari\'et\'es alg\'ebriques. {I}},
	Volume = {26},
	Year = {1974}}

@article {sho.nonv.85,
    AUTHOR = {Shokurov, V. V.},
     TITLE = {A nonvanishing theorem},
   JOURNAL = {Izv. Akad. Nauk SSSR Ser. Mat.},
  FJOURNAL = {Izvestiya Akademii Nauk SSSR. Seriya Matematicheskaya},
    VOLUME = {49},
      YEAR = {1985},
    NUMBER = {3},
     PAGES = {635--651},
      ISSN = {0373-2436},
   MRCLASS = {14E30 (14C20 14C40)},
  MRNUMBER = {794958 (87j:14016)},
MRREVIEWER = {I. Dolgachev},
}

@article {sho.compl.surf.00,
    AUTHOR = {Shokurov, V. V.},
     TITLE = {Complements on surfaces},
      NOTE = {Algebraic geometry, 10},
   JOURNAL = {J. Math. Sci. (New York)},
  FJOURNAL = {Journal of Mathematical Sciences (New York)},
    VOLUME = {102},
      YEAR = {2000},
    NUMBER = {2},
     PAGES = {3876--3932},
      ISSN = {1072-3374},
     CODEN = {JMTSEW},
   MRCLASS = {14E30 (14J26 14J30)},
  MRNUMBER = {1794169 (2002c:14030)},
MRREVIEWER = {I. Dolgachev},
       DOI = {10.1007/BF02984106},
       URL = {http://dx.doi.org/10.1007/BF02984106},
}

@article {sho.lett.6.04,
    AUTHOR = {Shokurov, V. V.},
     TITLE = {Letters of a bi-rationalist. {V}. {M}inimal log discrepancies
              and termination of log flips},
   JOURNAL = {Tr. Mat. Inst. Steklova},
  FJOURNAL = {Trudy Matematicheskogo Instituta Imeni V. A. Steklova.
              Rossi\u\i skaya Akademiya Nauk},
    VOLUME = {246},
      YEAR = {2004},
    NUMBER = {Algebr. Geom. Metody, Svyazi i Prilozh.},
     PAGES = {328--351},
      ISSN = {0371-9685},
   MRCLASS = {14E05},
  MRNUMBER = {2101303 (2006b:14019)},
MRREVIEWER = {M. Kh. Gizatullin},
}

@article {tian97,
    AUTHOR = {Tian, G.},
     TITLE = {K\"ahler-{E}instein metrics with positive scalar curvature},
   JOURNAL = {Invent. Math.},
  FJOURNAL = {Inventiones Mathematicae},
    VOLUME = {130},
      YEAR = {1997},
    NUMBER = {1},
     PAGES = {1--37},
      ISSN = {0020-9910},
     CODEN = {INVMBH},
   MRCLASS = {53C25 (32L07 53C55)},
  MRNUMBER = {1471884 (99e:53065)},
MRREVIEWER = {Thalia D. Jeffres},
       DOI = {10.1007/s002220050176},
       URL = {http://dx.doi.org/10.1007/s002220050176},
}

@book {ueno.book.75,
    AUTHOR = {Ueno, K.},
     TITLE = {Classification theory of algebraic varieties and compact
              complex spaces},
    SERIES = {Lecture Notes in Mathematics, Vol. 439},
      NOTE = {Notes written in collaboration with P. Cherenack},
 PUBLISHER = {Springer-Verlag, Berlin-New York},
      YEAR = {1975},
     PAGES = {xix+278},
   MRCLASS = {14D20 (32J25)},
  MRNUMBER = {0506253 (58 \#22062)},
MRREVIEWER = {D. Lieberman},
}

@book {vieh.book.95,
    AUTHOR = {Viehweg, E.},
     TITLE = {Quasi-projective moduli for polarized manifolds},
    SERIES = {Ergebnisse der Mathematik und ihrer Grenzgebiete (3) [Results
              in Mathematics and Related Areas (3)]},
    VOLUME = {30},
 PUBLISHER = {Springer-Verlag, Berlin},
      YEAR = {1995},
     PAGES = {viii+320},
      ISBN = {3-540-59255-5},
   MRCLASS = {14-02 (14D20 14D22)},
  MRNUMBER = {1368632 (97j:14001)},
MRREVIEWER = {P. E. Newstead},
       DOI = {10.1007/978-3-642-79745-3},
       URL = {http://dx.doi.org/10.1007/978-3-642-79745-3},
}


@article{Wil94,
	Author = {Wilson, P. M. H.},
	Coden = {MAANA},
	Doi = {10.1007/BF01450510},
	Fjournal = {Mathematische Annalen},
	Issn = {0025-5831},
	Journal = {Math. Ann.},
	Mrclass = {14J32 (14C20 14E30 14J10)},
	Mrnumber = {1314743 (96a:14047)},
	Mrreviewer = {Alessio Corti},
	Number = {4},
	Pages = {693--703},
	Title = {The existence of elliptic fibre space structures on {C}alabi-{Y}au threefolds},
	Url = {http://dx.doi.org/10.1007/BF01450510},
	Volume = {300},
	Year = {1994},
	Bdsk-Url-1 = {http://dx.doi.org/10.1007/BF01450510}}

@incollection{Wil92d,
	Address = {Providence, RI},
	Author = {Wilson, P. M. H.},
	Booktitle = {Classification of algebraic varieties ({L}'{A}quila, 1992)},
	Doi = {10.1090/conm/162/01545},
	Mrclass = {14J32 (14E30 14J10 14J15 14J50)},
	Mrnumber = {1272711 (95c:14048)},
	Mrreviewer = {Bruce Hunt},
	Pages = {403--410},
	Publisher = {Amer. Math. Soc.},
	Series = {Contemp. Math.},
	Title = {Minimal models of {C}alabi-{Y}au threefolds},
	Url = {http://dx.doi.org/10.1090/conm/162/01545},
	Volume = {162},
	Year = {1994},
	Bdsk-Url-1 = {http://dx.doi.org/10.1090/conm/162/01545}}

@article{Wil92c,
	Author = {Heath-Brown, D. R. and Wilson, P. M. H.},
	Coden = {MAANA},
	Doi = {10.1007/BF01934312},
	Fjournal = {Mathematische Annalen},
	Issn = {0025-5831},
	Journal = {Math. Ann.},
	Mrclass = {14J30 (14J15)},
	Mrnumber = {1180449 (93j:14046)},
	Mrreviewer = {Bruce Hunt},
	Number = {1},
	Pages = {49--57},
	Title = {Calabi-{Y}au threefolds with {$\rho>13$}},
	Url = {http://dx.doi.org/10.1007/BF01934312},
	Volume = {294},
	Year = {1992},
	Bdsk-Url-1 = {http://dx.doi.org/10.1007/BF01934312}}

@article{Wil92b,
	Author = {Wilson, P. M. H.},
	Coden = {MPCPCO},
	Doi = {10.1017/S0305004100070742},
	Fjournal = {Mathematical Proceedings of the Cambridge Philosophical Society},
	Issn = {0305-0041},
	Journal = {Math. Proc. Cambridge Philos. Soc.},
	Mrclass = {14J30 (14J27)},
	Mrnumber = {1162931 (93m:14035)},
	Mrreviewer = {Mark Gross},
	Number = {1},
	Pages = {45--52},
	Title = {Elliptic ruled surfaces on {C}alabi-{Y}au threefolds},
	Url = {http://dx.doi.org/10.1017/S0305004100070742},
	Volume = {112},
	Year = {1992},
	Bdsk-Url-1 = {http://dx.doi.org/10.1017/S0305004100070742}}

@article{Wil92,
	Author = {Wilson, P. M. H.},
	Coden = {INVMBH},
	Doi = {10.1007/BF01231902},
	Fjournal = {Inventiones Mathematicae},
	Issn = {0020-9910},
	Journal = {Invent. Math.},
	Mrclass = {14J30 (14J15)},
	Mrnumber = {1150602 (93a:14037)},
	Mrreviewer = {Bruce Hunt},
	Number = {3},
	Pages = {561--583},
	Title = {The {K}\"ahler cone on {C}alabi-{Y}au threefolds},
	Url = {http://dx.doi.org/10.1007/BF01231902},
	Volume = {107},
	Year = {1992},
	Bdsk-Url-1 = {http://dx.doi.org/10.1007/BF01231902}}

@article{Wil98,
	Author = {Wilson, P. M. H.},
	Coden = {MPCPCO},
	Doi = {10.1017/S030500419700220X},
	Fjournal = {Mathematical Proceedings of the Cambridge Philosophical Society},
	Issn = {0305-0041},
	Journal = {Math. Proc. Cambridge Philos. Soc.},
	Mrclass = {14J32 (14C20 14E30 14J30)},
	Mrnumber = {1490200 (99f:14053)},
	Mrreviewer = {Alessio Corti},
	Number = {2},
	Pages = {259--262},
	Title = {The existence of elliptic fibre space structures on {C}alabi-{Y}au threefolds. {II}},
	Url = {http://dx.doi.org/10.1017/S030500419700220X},
	Volume = {123},
	Year = {1998},
	Bdsk-Url-1 = {http://dx.doi.org/10.1017/S030500419700220X}}


@article{Wil89,
	Author = {Wilson, P. M. H.},
	Coden = {INVMBH},
	Doi = {10.1007/BF01388848},
	Fjournal = {Inventiones Mathematicae},
	Issn = {0020-9910},
	Journal = {Invent. Math.},
	Mrclass = {14J10 (14E30 14J05 14J30 32J25)},
	Mrnumber = {1010159 (90h:14044)},
	Mrreviewer = {Eckart Viehweg},
	Number = {1},
	Pages = {139--155},
	Title = {Calabi-{Y}au manifolds with large {P}icard number},
	Url = {http://dx.doi.org/10.1007/BF01388848},
	Volume = {98},
	Year = {1989},
	Bdsk-Url-1 = {http://dx.doi.org/10.1007/BF01388848}}
	
@incollection {distr.alg.dyn.surv,
    AUTHOR = {Zhang, Shou-Wu},
     TITLE = {Distributions in algebraic dynamics},
 BOOKTITLE = {Surveys in differential geometry. {V}ol. {X}},
    SERIES = {Surv. Differ. Geom.},
    VOLUME = {10},
     PAGES = {381--430},
 PUBLISHER = {Int. Press, Somerville, MA},
      YEAR = {2006},
   MRCLASS = {32H50 (11G50 32J27 37F10)},
  MRNUMBER = {2408228 (2009k:32016)},
MRREVIEWER = {Matthew H. Baker},
       DOI = {10.4310/SDG.2005.v10.n1.a9},
       URL = {http://dx.doi.org/10.4310/SDG.2005.v10.n1.a9},
}

